<?xml version="1.0"?>
<marc:collection xmlns:marc="http://www.loc.gov/MARC21/slim" xmlns:xsi="http://www.w3.org/2001/XMLSchema-instance" xsi:schemaLocation="http://www.loc.gov/MARC21/slim http://www.loc.gov/standards/marcxml/schema/MARC21slim.xsd">
   <marc:record type="Bibliographic">
      <marc:leader>01593cam a2200373   4500</marc:leader>
      <marc:controlfield tag="001">2758041</marc:controlfield>
      <marc:controlfield tag="003">NjP</marc:controlfield>
      <marc:controlfield tag="005">20140624103132.0</marc:controlfield>
      <marc:controlfield tag="008">900529s1968    iq a     b    000 0 arar </marc:controlfield>
      <marc:datafield tag="024" ind1="7" ind2=" ">
         <marc:subfield code="a">princeton_aco000070</marc:subfield>
         <marc:subfield code="2">local</marc:subfield>
      </marc:datafield>
      <marc:datafield tag="010" ind1=" " ind2=" ">
         <marc:subfield code="a">   71218386 </marc:subfield>
      </marc:datafield>
      <marc:datafield tag="035" ind1=" " ind2=" ">
         <marc:subfield code="a">(OCoLC)ocn178259608</marc:subfield>
      </marc:datafield>
      <marc:datafield tag="035" ind1=" " ind2=" ">
         <marc:subfield code="a">(OCoLC)ocm21614836</marc:subfield>
      </marc:datafield>
      <marc:datafield tag="040" ind1=" " ind2=" ">
         <marc:subfield code="a">DLC</marc:subfield>
         <marc:subfield code="c">PUL</marc:subfield>
         <marc:subfield code="d">PUL</marc:subfield>
      </marc:datafield>
      <marc:datafield tag="066" ind1=" " ind2=" ">
         <marc:subfield code="c">(3</marc:subfield>
      </marc:datafield>
      <marc:datafield tag="035" ind1=" " ind2=" ">
         <marc:subfield code="a">(OCoLC)178259608</marc:subfield>
      </marc:datafield>
      <marc:datafield tag="035" ind1=" " ind2=" ">
         <marc:subfield code="9">CNF2009TS</marc:subfield>
      </marc:datafield>
      <marc:datafield tag="035" ind1=" " ind2=" ">
         <marc:subfield code="a">(NjP)2758041</marc:subfield>
      </marc:datafield>
      <marc:datafield tag="050" ind1="0" ind2=" ">
         <marc:subfield code="a">PJ6171</marc:subfield>
         <marc:subfield code="b">.R3</marc:subfield>
      </marc:datafield>
      <marc:datafield tag="079" ind1=" " ind2=" ">
         <marc:subfield code="a">ocm21614836</marc:subfield>
         <marc:subfield code="z">ocn223225383</marc:subfield>
      </marc:datafield>
      <marc:datafield tag="049" ind1=" " ind2=" ">
         <marc:subfield code="a">PULL</marc:subfield>
      </marc:datafield>
      <marc:datafield tag="100" ind1="1" ind2=" ">
         <marc:subfield code="6">880-01</marc:subfield>
         <marc:subfield code="a">Ra&#x304;d&#x323;i&#x304;, &#x2BB;Abd al-H&#x323;ami&#x304;d.</marc:subfield>
      </marc:datafield>
      <marc:datafield tag="245" ind1="1" ind2="0">
         <marc:subfield code="6">880-02</marc:subfield>
         <marc:subfield code="a">Sharh&#x323; tuh&#x323;fat al-khali&#x304;l fi&#x304; al-&#x2BB;aru&#x304;d&#x323; wa-al-qa&#x304;fiyah,</marc:subfield>
         <marc:subfield code="c">ta&#x2BC;li&#x304;f &#x2BB;Abd al-H&#x323;ami&#x304;d Ra&#x304;d&#x323;i&#x304;.</marc:subfield>
      </marc:datafield>
      <marc:datafield tag="260" ind1=" " ind2=" ">
         <marc:subfield code="6">880-03</marc:subfield>
         <marc:subfield code="a">Baghda&#x304;d,</marc:subfield>
         <marc:subfield code="b">Mat&#x323;ba&#x2BB;at al-&#x2BB;A&#x304;ni&#x304;,</marc:subfield>
         <marc:subfield code="c">1968.</marc:subfield>
      </marc:datafield>
      <marc:datafield tag="300" ind1=" " ind2=" ">
         <marc:subfield code="a">422 p. :</marc:subfield>
         <marc:subfield code="b">ill. ;</marc:subfield>
         <marc:subfield code="c">25 cm.</marc:subfield>
      </marc:datafield>
      <marc:datafield tag="504" ind1=" " ind2=" ">
         <marc:subfield code="a">Bibliography: p. 415-418.</marc:subfield>
      </marc:datafield>
      <marc:datafield tag="500" ind1=" " ind2=" ">
         <marc:subfield code="a">Cover title: Sharh Tuhfat al-khalil fi al-arud wa al-qafiya, by Abd al-Hamid al-Radi.</marc:subfield>
      </marc:datafield>
      <marc:datafield tag="650" ind1=" " ind2="0">
         <marc:subfield code="a">Arabic language</marc:subfield>
         <marc:subfield code="x">Versification.</marc:subfield>
      </marc:datafield>
      <marc:datafield tag="700" ind1="1" ind2="2">
         <marc:subfield code="6">880-04</marc:subfield>
         <marc:subfield code="a">Kayshawa&#x304;n, Muh&#x323;ammad H&#x323;usayn ibn Ka&#x304;z&#x323;im,</marc:subfield>
         <marc:subfield code="d">1878-1937 or 8.</marc:subfield>
         <marc:subfield code="t">Tuh&#x323;fat al-khali&#x304;l fi&#x304; al-&#x2BB;aru&#x304;d&#x323; wa-al-qa&#x304;fiyah.</marc:subfield>
      </marc:datafield>
      <marc:datafield tag="880" ind1="1" ind2=" ">
         <marc:subfield code="6">100-01/(3/r</marc:subfield>
         <marc:subfield code="a">&#x631;&#x627;&#x636;&#x64A;&#x60C; &#x639;&#x628;&#x62F; &#x627;&#x644;&#x62D;&#x645;&#x64A;&#x62F;.</marc:subfield>
      </marc:datafield>
      <marc:datafield tag="880" ind1="1" ind2="0">
         <marc:subfield code="6">245-02/(3/r</marc:subfield>
         <marc:subfield code="a">&#x634;&#x631;&#x62D; &#x62A;&#x62D;&#x641;&#x629; &#x627;&#x644;&#x62E;&#x644;&#x64A;&#x644; &#x641;&#x64A; &#x627;&#x644;&#x639;&#x631;&#x648;&#x636; &#x648;&#x627;&#x644;&#x642;&#x627;&#x641;&#x64A;&#x629;&#x60C;</marc:subfield>
         <marc:subfield code="c">&#x62A;&#x623;&#x644;&#x64A;&#x641; &#x639;&#x628;&#x62F; &#x627;&#x644;&#x62D;&#x645;&#x64A;&#x62F; &#x631;&#x627;&#x636;&#x64A;.</marc:subfield>
      </marc:datafield>
      <marc:datafield tag="880" ind1=" " ind2=" ">
         <marc:subfield code="6">260-03/(3/r</marc:subfield>
         <marc:subfield code="a">&#x628;&#x63A;&#x62F;&#x627;&#x62F;&#x60C;</marc:subfield>
         <marc:subfield code="b">&#x645;&#x637;&#x628;&#x639;&#x629; &#x627;&#x644;&#x639;&#x627;&#x646;&#x64A;&#x60C;</marc:subfield>
         <marc:subfield code="c">1968.</marc:subfield>
      </marc:datafield>
      <marc:datafield tag="880" ind1="1" ind2="2">
         <marc:subfield code="6">700-04/(3/r</marc:subfield>
         <marc:subfield code="a">&#x643;&#x64A;&#x634;&#x648;&#x627;&#x646;&#x60C; &#x645;&#x62D;&#x645;&#x62F; &#x62D;&#x633;&#x64A;&#x646; &#x628;&#x646; &#x643;&#x627;&#x638;&#x645;&#x60C;</marc:subfield>
         <marc:subfield code="d">1878-1937 or 8.</marc:subfield>
         <marc:subfield code="t">&#x62A;&#x62D;&#x641;&#x629; &#x627;&#x644;&#x62E;&#x644;&#x64A;&#x644; &#x641;&#x64A; &#x627;&#x644;&#x639;&#x631;&#x648;&#x636; &#x648;&#x627;&#x644;&#x642;&#x627;&#x641;&#x64A;&#x629;.</marc:subfield>
      </marc:datafield>
      <marc:datafield tag="911" ind1=" " ind2=" ">
         <marc:subfield code="a">20000130</marc:subfield>
      </marc:datafield>
      <marc:datafield tag="994" ind1=" " ind2=" ">
         <marc:subfield code="a">C0</marc:subfield>
         <marc:subfield code="b">PUL</marc:subfield>
      </marc:datafield>
      <marc:datafield tag="999" ind1=" " ind2=" ">
         <marc:subfield code="a">2758041</marc:subfield>
      </marc:datafield>
   </marc:record>
</marc:collection>
